@ARTICLE{muzerolle2001,
       author = {{Muzerolle}, James and {Calvet}, Nuria and {Hartmann}, Lee},
        title = "{Emission-Line Diagnostics of T Tauri Magnetospheric Accretion. II. Improved Model Tests and Insights into Accretion Physics}",
      journal = {\apj},
     keywords = {Accretion, Accretion Disks, Radiative Transfer, Stars: Formation, Stars: Pre-Main-Sequence},
         year = 2001,
        month = apr,
       volume = {550},
       number = {2},
        pages = {944-961},
          doi = {10.1086/319779},
       adsurl = {https://ui.adsabs.harvard.edu/abs/2001ApJ...550..944M},
      adsnote = {Provided by the SAO/NASA Astrophysics Data System}
}

@ARTICLE{micolta2023,
       author = {{Micolta}, Marbely and {Calvet}, Nuria and {Thanathibodee}, Thanawuth and {Magris C.}, Gladis and {Colmenares}, Mar{\'\i}a Jos{\'e} and {D{\'\i}az}, Jes{\'u}s V. and {Alzate-Trujillo}, Jairo},
        title = "{The Ca II Lines as Tracers of Disk Structure in T Tauri Stars: The Chamaeleon I Region}",
      journal = {\apj},
     keywords = {Protoplanetary disks, Chemical abundances, Stellar accretion, 1300, 224, 1578, Astrophysics - Solar and Stellar Astrophysics, Astrophysics - Earth and Planetary Astrophysics},
         year = 2023,
        month = aug,
       volume = {953},
       number = {2},
          eid = {177},
        pages = {177},
          doi = {10.3847/1538-4357/acde52},
archivePrefix = {arXiv},
       eprint = {2306.10643},
 primaryClass = {astro-ph.SR},
       adsurl = {https://ui.adsabs.harvard.edu/abs/2023ApJ...953..177M},
      adsnote = {Provided by the SAO/NASA Astrophysics Data System}
}

@ARTICLE{pittman2022,
       author = {{Pittman}, Caeley V. and {Espaillat}, Catherine C. and {Robinson}, Connor E. and {Thanathibodee}, Thanawuth and {Calvet}, Nuria and {Wendeborn}, John and {Hern{\'a}ndez}, Jesus and {Manara}, Carlo F. and {Walter}, Fred and {{\'A}brah{\'a}m}, P{\'e}ter and {Alcal{\'a}}, Juan M. and {Alencar}, S{\'\i}lvia H.~P. and {Arulanantham}, Nicole and {Cabrit}, Sylvie and {Eisl{\"o}ffel}, Jochen and {Fiorellino}, Eleonora and {France}, Kevin and {Gangi}, Manuele and {Grankin}, Konstantin and {Herczeg}, Gregory J. and {K{\'o}sp{\'a}l}, {\'A}gnes and {Mendigut{\'\i}a}, Ignacio and {Serna}, Javier and {Venuti}, Laura},
        title = "{Towards a Comprehensive View of Accretion, Inner Disks, and Extinction in Classical T Tauri Stars: An ODYSSEUS Study of the Orion OB1b Association}",
      journal = {\aj},
     keywords = {Pre-main sequence stars, Stellar accretion, Stellar accretion disks, Protoplanetary disks, Reddening law, Interstellar extinction, Hubble Space Telescope, Very Large Telescope, 1290, 1578, 1579, 1300, 1377, 841, 761, 1767, Astrophysics - Solar and Stellar Astrophysics, Astrophysics - Earth and Planetary Astrophysics},
         year = 2022,
        month = nov,
       volume = {164},
       number = {5},
          eid = {201},
        pages = {201},
          doi = {10.3847/1538-3881/ac898d},
archivePrefix = {arXiv},
       eprint = {2208.04986},
 primaryClass = {astro-ph.SR},
       adsurl = {https://ui.adsabs.harvard.edu/abs/2022AJ....164..201P},
      adsnote = {Provided by the SAO/NASA Astrophysics Data System}
}

@ARTICLE{zhaohuan2024,
       author = {{Zhu}, Zhaohuan and {Stone}, James M. and {Calvet}, Nuria},
        title = "{A global 3D simulation of magnetospheric accretion - I. Magnetically disrupted discs and surface accretion}",
      journal = {\mnras},
     keywords = {accretion, accretion discs, dynamo, instabilities, MHD, protoplanetary discs, X-rays: binaries, Astrophysics - Solar and Stellar Astrophysics, Astrophysics - Earth and Planetary Astrophysics},
         year = 2024,
        month = feb,
       volume = {528},
       number = {2},
        pages = {2883-2911},
          doi = {10.1093/mnras/stad3712},
archivePrefix = {arXiv},
       eprint = {2309.15318},
 primaryClass = {astro-ph.SR},
       adsurl = {https://ui.adsabs.harvard.edu/abs/2024MNRAS.528.2883Z},
      adsnote = {Provided by the SAO/NASA Astrophysics Data System}
}

@ARTICLE{espaillat2021,
       author = {{Espaillat}, C.~C. and {Robinson}, C.~E. and {Romanova}, M.~M. and {Thanathibodee}, T. and {Wendeborn}, J. and {Calvet}, N. and {Reynolds}, M. and {Muzerolle}, J.},
        title = "{Measuring the density structure of an accretion hot spot}",
      journal = {\nat},
     keywords = {Astrophysics - Solar and Stellar Astrophysics},
         year = 2021,
        month = sep,
       volume = {597},
       number = {7874},
        pages = {41-44},
          doi = {10.1038/s41586-021-03751-5},
archivePrefix = {arXiv},
       eprint = {2109.00510},
 primaryClass = {astro-ph.SR},
       adsurl = {https://ui.adsabs.harvard.edu/abs/2021Natur.597...41E},
      adsnote = {Provided by the SAO/NASA Astrophysics Data System}
}



@ARTICLE{calvet_gullbring1998,
       author = {{Calvet}, Nuria and {Gullbring}, Erik},
        title = "{The Structure and Emission of the Accretion Shock in T Tauri Stars}",
      journal = {\apj},
     keywords = {ACCRETION, ACCRETION DISKS, STARS: CIRCUMSTELLAR MATTER, SHOCK WAVES, STARS: PRE-MAIN-SEQUENCE, Accretion, Accretion Disks, Stars: Circumstellar Matter, Shock Waves, Stars: Pre-Main-Sequence},
         year = 1998,
        month = dec,
       volume = {509},
       number = {2},
        pages = {802-818},
          doi = {10.1086/306527},
       adsurl = {https://ui.adsabs.harvard.edu/abs/1998ApJ...509..802C},
      adsnote = {Provided by the SAO/NASA Astrophysics Data System}
}

@ARTICLE{hartmann2016,
       author = {{Hartmann}, Lee and {Herczeg}, Gregory and {Calvet}, Nuria},
        title = "{Accretion onto Pre-Main-Sequence Stars}",
      journal = {\araa},
         year = 2016,
        month = sep,
       volume = {54},
        pages = {135-180},
          doi = {10.1146/annurev-astro-081915-023347},
       adsurl = {https://ui.adsabs.harvard.edu/abs/2016ARA&A..54..135H},
      adsnote = {Provided by the SAO/NASA Astrophysics Data System}
}

@ARTICLE{romanova2003,
       author = {{Romanova}, M.~M. and {Ustyugova}, G.~V. and {Koldoba}, A.~V. and {Wick}, J.~V. and {Lovelace}, R.~V.~E.},
        title = "{Three-dimensional Simulations of Disk Accretion to an Inclined Dipole. I. Magnetospheric Flows at Different {\ensuremath{\Theta}}}",
      journal = {\apj},
     keywords = {Accretion, Accretion Disks, Magnetic Fields, Plasmas, Stars: Magnetic Fields, X-Rays: Stars, Astrophysics},
         year = 2003,
        month = oct,
       volume = {595},
       number = {2},
        pages = {1009-1031},
          doi = {10.1086/377514},
archivePrefix = {arXiv},
       eprint = {astro-ph/0401375},
 primaryClass = {astro-ph},
       adsurl = {https://ui.adsabs.harvard.edu/abs/2003ApJ...595.1009R},
      adsnote = {Provided by the SAO/NASA Astrophysics Data System}
}

@ARTICLE{atom2023,
       author = {{Thanathibodee}, Thanawuth and {Molina}, Brandon and {Serna}, Javier and {Calvet}, Nuria and {Hern{\'a}ndez}, Jes{\'u}s and {Muzerolle}, James and {Franco-Hern{\'a}ndez}, Ramiro},
        title = "{A Census of the Low Accretors. II. Accretion Properties}",
      journal = {\apj},
     keywords = {Stellar accretion, H I line emission, Protoplanetary disks, T Tauri stars, 1578, 690, 1300, 1681, Astrophysics - Solar and Stellar Astrophysics, Astrophysics - Earth and Planetary Astrophysics},
         year = 2023,
        month = feb,
       volume = {944},
       number = {1},
          eid = {90},
        pages = {90},
          doi = {10.3847/1538-4357/acac84},
archivePrefix = {arXiv},
       eprint = {2212.08261},
 primaryClass = {astro-ph.SR},
       adsurl = {https://ui.adsabs.harvard.edu/abs/2023ApJ...944...90T},
      adsnote = {Provided by the SAO/NASA Astrophysics Data System}
}










